 <?xml version="1.0" encoding="UTF-8"?><collection xmlns="http://www.loc.gov/MARC21/slim"><record><leader>01020cam a2200277   4500</leader><controlfield tag="001">a1032874</controlfield><controlfield tag="003">SIRSI</controlfield><controlfield tag="008">910215s1973    mau      b       1  eng d</controlfield><datafield tag="010" ind1=" " ind2=" "><subfield code="a">   72091414</subfield></datafield><datafield tag="010" ind1=" " ind2=" "><subfield code="a">   72091414</subfield></datafield><datafield tag="035" ind1=" " ind2=" "><subfield code="a">ocm00589294</subfield></datafield><datafield tag="040" ind1=" " ind2=" "><subfield code="a">LC</subfield><subfield code="b">eng</subfield></datafield><datafield tag="049" ind1=" " ind2=" "><subfield code="a">ALB</subfield><subfield code="b">eng</subfield></datafield><datafield tag="050" ind1=" " ind2="0"><subfield code="a">HT151</subfield><subfield code="b">.H645</subfield></datafield><datafield tag="082" ind1=" " ind2=" "><subfield code="a">301.36/3</subfield></datafield><datafield tag="090" ind1=" " ind2=" "><subfield code="a">HT 151 H645 1973</subfield><subfield code="b">AENABC</subfield></datafield><datafield tag="090" ind1="0" ind2=" "><subfield code="a">HT 151 H82 1973</subfield><subfield code="b">NO</subfield></datafield><datafield tag="100" ind1="1" ind2="0"><subfield code="a">Hosken, Fran P.,</subfield><subfield code="d">1919-</subfield></datafield><datafield tag="245" ind1="1" ind2="4"><subfield code="a">The functions of cities /</subfield><subfield code="c">[by] Fran P. Hosken.</subfield></datafield><datafield tag="260" ind1="0" ind2=" "><subfield code="a">Cambridge, Mass. :</subfield><subfield code="b">Schenkman Pub. Co. ; [distributed by General Learning Press, Morristown, N.J.] ;</subfield><subfield code="c">c1973.</subfield></datafield><datafield tag="300" ind1=" " ind2=" "><subfield code="a">xi, 276 p. ;</subfield><subfield code="c">24 cm.</subfield></datafield><datafield tag="504" ind1=" " ind2=" "><subfield code="a">Includes bibliographies.</subfield></datafield><datafield tag="596" ind1=" " ind2=" "><subfield code="a">38 59</subfield></datafield><datafield tag="650" ind1=" " ind2="0"><subfield code="a">Cities and towns</subfield></datafield><datafield tag="926" ind1=" " ind2=" "><subfield code="a">HT 151 H82 1973</subfield><subfield code="w">LC</subfield><subfield code="c">1</subfield><subfield code="i">000043591213</subfield><subfield code="d">1/2/2001</subfield><subfield code="l">ON_SHELF</subfield><subfield code="m">UABARD</subfield><subfield code="n">1</subfield><subfield code="p">$150.00</subfield><subfield code="r">Y</subfield><subfield code="s">Y</subfield><subfield code="t">BOOK</subfield><subfield code="u">10/25/1993</subfield><subfield code="o">.STAFF. A0074591</subfield></datafield><datafield tag="926" ind1=" " ind2=" "><subfield code="a">HT 151 H645 1973</subfield><subfield code="w">LC</subfield><subfield code="c">1</subfield><subfield code="i">0163900207560</subfield><subfield code="d">1/31/2014</subfield><subfield code="f">1/31/2014</subfield><subfield code="g">2</subfield><subfield code="l">ON_SHELF</subfield><subfield code="m">VANGUARD</subfield><subfield code="p">$150.00</subfield><subfield code="r">Y</subfield><subfield code="s">Y</subfield><subfield code="t">BOOK</subfield><subfield code="u">12/16/1996</subfield><subfield code="z">TAYLOR</subfield></datafield></record></collection>
